<?xml version="1.0" encoding="UTF-8"?><collection xmlns="http://www.loc.gov/MARC21/slim"><record><leader>00554nam--2200193-i-4500</leader><controlfield tag="001">000008617</controlfield><controlfield tag="002">20161230</controlfield><controlfield tag="005">20161230201027</controlfield><controlfield tag="008">060222s1000------------r-----000-0-rus-d</controlfield><datafield ind1=" " ind2=" " tag="040"><subfield code="a">IFIN-HH</subfield></datafield><datafield ind1=" " ind2=" " tag="041"><subfield code="a">rus</subfield></datafield><datafield ind1=" " ind2=" " tag="080"><subfield code="a">537.311.33+621.315.592</subfield></datafield><datafield ind1="1" ind2=" " tag="100"><subfield code="a">Matare, Herbert F</subfield></datafield><datafield ind1="1" ind2="0" tag="245"><subfield code="a">Elektronika defektov v poluprovodnikah</subfield><subfield code="c">Herbert f. matare</subfield></datafield><datafield ind1=" " ind2=" " tag="260"><subfield code="a">Moskva</subfield><subfield code="b">Mir</subfield><subfield code="c">1974</subfield></datafield><datafield ind1=" " ind2=" " tag="300"><subfield code="a">463P</subfield></datafield><datafield ind1=" " ind2=" " tag="500"><subfield code="a">Titlul Original In Limba Engleza: Defect Electronics In Semiconductors</subfield></datafield><datafield ind1=" " ind2=" " tag="852"><subfield code="a">42641</subfield><subfield code="c">537.311.33</subfield></datafield><datafield ind1=" " ind2=" " tag="CAT"><subfield code="a">Sys</subfield><subfield code="c">20110722</subfield><subfield code="h">121254</subfield></datafield></record></collection>